@misc{cryptoeprint:2019:1400,
    author = {Assimakis Kattis and
		 Konstantin Panarin and
		 Alexander Vlasov},
    title = {RedShift: Transparent SNARKs from List Polynomial Commitment IOPs},
    howpublished = {Cryptology ePrint Archive, Report 2019/1400},
    year = {2019},
    note = {\url{https://ia.cr/2019/1400}},
}
@misc{cryptoeprint:2019:953,
    author = {Ariel Gabizon and
		 Zachary J. Williamson and
		 Oana Ciobotaru},
    title = {PLONK: Permutations over Lagrange-bases for Oecumenical Noninteractive arguments of Knowledge},
    howpublished = {Cryptology ePrint Archive, Report 2019/953},
    year = {2019},
    note = {\url{https://ia.cr/2019/953}},
}
@inproceedings{ben2018fast,
    title = {Fast Reed-Solomon interactive oracle proofs of proximity},
    author = {Ben-Sasson, Eli and Bentov, Iddo and Horesh, Yinon and Riabzev, Michael},
    booktitle = {45th international colloquium on automata, languages, and programming (icalp 2018)},
    year = {2018},
    organization = {Schloss Dagstuhl-Leibniz-Zentrum fuer Informatik}
}
@misc{turbo,
    author = {Ariel Gabizon and
		 Zachary J. Williamson},
    title = {Proposal: The Turbo-PLONK program syntax for specifying SNARK programs},
    note = {\url{https://docs.zkproof.org/pages/standards/accepted-workshop3/proposal-turbo_plonk.pdf}},
}
@misc{cryptoeprint:2020:315,
    author = {Ariel Gabizon and
		 Zachary J. Williamson},
    title = {plookup: A simplified polynomial protocol for lookup tables},
    howpublished = {Cryptology ePrint Archive, Report 2020/315},
    year = {2020},
    note = {\url{https://ia.cr/2020/315}},
}
@misc{plonkhalo2,
    title = {PLONKish Arithmetization - The halo2 book},
    note = {\url{https://zcash.github.io/halo2/concepts/arithmetization.html}},
}
@misc{lookuphalo2,
    title = {Lookup argument - The halo2 book},
    note = {\url{https://zcash.github.io/halo2/design/proving-system/lookup.html}},
}
@misc{cryptoeprint:2019:1076,
    author = {Alessandro Chiesa and
		 Dev Ojha and
		 Nicholas Spooner},
    title = {Fractal: Post-Quantum and Transparent Recursive Proofs from Holography},
    howpublished = {Cryptology ePrint Archive, Report 2019/1076},
    year = {2019},
    note = {\url{https://ia.cr/2019/1076}},
}